@inproceedings{bahirat_exploring_2018,
	address = {Baltimore, MD},
	title = {Exploring {Defaults} and {Framing} effects on {Privacy} {Decision} {Making} in {Smarthomes}},
	booktitle = {{USENIX} symposium on {Usable} {Privacy} and {Security}},
	author = {Bahirat, Paritosh and He, Yangyang and Knijnenburg, Bart P.},
	month = aug,
	year = {2018}
}

@inproceedings{bahirat2018data,
  title={A Data-Driven Approach to Developing IoT Privacy-Setting Interfaces},
  author={Bahirat, Paritosh and He, Yangyang and Menon, Abhilash and Knijnenburg, Bart},
  booktitle={23rd International Conference on Intelligent User Interfaces},
  pages={165--176},
  year={2018},
  organization={ACM}
}

@phdthesis{knijnenburg2015user,
	address = {Irvine, CA},
	type = {Ph.{D}. {Thesis}},
	title = {A user-tailored approach to privacy decision support},
	copyright = {Copyright ProQuest Dissertations Publishing 2015},
	url = {http://search.proquest.com/docview/1725139739/abstract},
	school = {University of California, Irvine},
	author = {Knijnenburg, Bart P.},
	year = {2015}
}

@inproceedings{watson12,
	Author = {Watson, Jason and Besmer, Andrew and Lipford, Heather Richter},
	Booktitle = {Proceedings of the 8th {Symposium} on {Usable} {Privacy} and {Security}},
	Date-Modified = {2016-02-28 05:53:50 +0000},
	Doi = {10.1145/2335356.2335373},
	Isbn = {978-1-4503-1532-6},
	Keywords = {Facebook, Google+, privacy, social network sites},
	Pages = {12:1--12:10},
	Shorttitle = {+{Your} circles},
	Title = {+{Your} circles: sharing behavior on {Google}+},
	Year = {2012}
}

@article{sandhu1994access,
	title = {Access control: principle and practice},
	volume = {32},
	issn = {0163-6804},
	shorttitle = {Access control},
	doi = {10.1109/35.312842},
	number = {9},
	journal = {IEEE Communications Magazine},
	author = {Sandhu, R. S. and Samarati, P.},
	year = {1994},
	pages = {40--48}
}

@inproceedings{liu2016follow,
	booktitle = {Proceedings of the 2016 {Symposium} on {Usable} {Privacy} and {Security}},
	title = {Follow {My} {Recommendations}: {A} {Personalized} {Privacy} {Assistant} for {Mobile} {App} {Permissions}},
	isbn = {978-1-931971-31-7},
	shorttitle = {Follow {My} {Recommendations}},
	url = {https://www.usenix.org/conference/soups2016/technical-sessions/presentation/liu},
	urldate = {2016-08-04},
	author = {Liu, Bin and Andersen, Mads Schaarup and Schaub, Florian and Almuhimedi, Hazim and Zhang, Shikun (Aerin) and Sadeh, Norman and Agarwal, Yuvraj and Acquisti, Alessandro},
	year = {2016}
}

@techreport{boyles2012privacy,
	title = {Privacy and {Data} {Management} on {Mobile} {Devices}},
	url = {http://pewinternet.org/Reports/2012/Mobile-Privacy.aspx},
	urldate = {2012-09-15},
	institution = {Pew Internet \& American Life Project},
	author = {Boyles, Jan Lauren and Smith, Aaron and Madden, Mary},
	year = {2012}
}

@article{smith2013choice,
	title = {Choice {Without} {Awareness}: {Ethical} and {Policy} {Implications} of {Defaults}},
	volume = {32},
	issn = {07439156},
	shorttitle = {Choice {Without} {Awareness}},
	url = {http://search.ebscohost.com/login.aspx?direct=true&db=bth&AN=91886736&site=ehost-live},
	doi = {10.1509/jppm.10.114},
	number = {2},
	urldate = {2014-01-01},
	journal = {Journal of Public Policy \& Marketing},
	author = {Smith, N. Craig and Goldstein, Daniel G. and Johnson, Eric J.},
	year = {2013},
	pages = {159--172}
}


@inproceedings{jensen2004privacy,
	title = {Privacy {Policies} as {Decision}-{Making} {Tools}: {An} {Evaluation} of {Online} {Privacy} {Notices}},
	doi = {10.1145/985692.985752},
	booktitle = {2004 {Conference} on {Human} {Factors} in {Computing} {Systems}},
	author = {Jensen, Carlos and Potts, Colin},
	year = {2004},
	pages = {471--478},
}

@inproceedings{good2005spyware,
	title = {Stopping {Spyware} at the {Gate}: {A} {User} {Study} of {Privacy}, {Notice} and {Spyware}},
	isbn = {1-59593-178-3},
	shorttitle = {Stopping {Spyware} at the {Gate}},
	url = {http://doi.acm.org/10.1145/1073001.1073006},
	doi = {10.1145/1073001.1073006},
	urldate = {2015-10-11},
	booktitle = {Proceedings of the 2005 {Symposium} on {Usable} {Privacy} and {Security}},
	author = {Good, Nathaniel and Dhamija, Rachna and Grossklags, Jens and Thaw, David and Aronowitz, Steven and Mulligan, Deirdre and Konstan, Joseph},
	year = {2005},
	pages = {43--52}
}

@incollection{chow2015hci,
	series = {Lecture Notes on Computer Science},
	title = {{HCI} in {Business}: {A} {Collaboration} with {Academia} in {IoT} {Privacy}},
	copyright = {Â©2015 Springer International Publishing Switzerland},
	isbn = {978-3-319-20894-7 978-3-319-20895-4},
	shorttitle = {{HCI} in {Business}},
	url = {http://link.springer.com/chapter/10.1007/978-3-319-20895-4_63},
	language = {en},
	number = {9191},
	urldate = {2016-05-14},
	booktitle = {{HCI} in {Business}},
	publisher = {Springer},
	author = {Chow, Richard and Egelman, Serge and Kannavara, Raghudeep and Lee, Hosub and Misra, Suyash and Wang, Edward},
	editor = {Nah, Fiona Fui-Hoon and Tan, Chuan-Hoo},
	year = {2015},
	doi = {10.1007/978-3-319-20895-4\_63},
}

@misc{MicrosoftAI,
	title = {Microsoft's AI writes code by looting other software},
	howpublished = {\url{http://www.wired.co.uk/article/ai-write-code-microsoft}},
	note = {Accessed: 2017-04-15}
}

@inproceedings{acquisti2006imagined,
	title={Imagined communities: Awareness, information sharing, and privacy on the Facebook},
	author={Acquisti, Alessandro and Gross, Ralph},
	booktitle={International workshop on privacy enhancing technologies},
	pages={36--58},
	year={2006}
}

@misc{Amazon,
	title = {Goodbye privacy, hello 'Alexa': Amazon Echo, the home robot who hears it all},
	howpublished = {\url{http://https://www.theguardian.com/technology/2015/nov/21/amazon-echo-alexa-home-robot-privacy-cloud}},
	note = {Accessed: 2017-04-15}
}

@article{lipford2008understanding,
	title={Understanding Privacy Settings in Facebook with an Audience View.},
	author={Lipford, Heather Richter and Besmer, Andrew and Watson, Jason},
	journal={UPSEC},
	volume={8},
	pages={1--8},
	year={2008}
}

@inproceedings{lucas2008flybynight,
	title={Flybynight: mitigating the privacy risks of social networking},
	author={Lucas, Matthew M and Borisov, Nikita},
	booktitle={Proceedings of the 7th ACM workshop on Privacy in the electronic society},
	pages={1--8},
	year={2008},
	organization={ACM}
}

@incollection{medaglia2010overview,
	title={An overview of privacy and security issues in the internet of things},
	author={Medaglia, Carlo Maria and Serbanati, Alexandru},
	booktitle={The Internet of Things},
	pages={389--395},
	year={2010},
	publisher={Springer}
}

@inproceedings{dong2016ppm,
	title={PPM: A Privacy Prediction Model for Online Social Networks},
	author={Dong, Cailing and Jin, Hongxia and Knijnenburg, Bart P},
	booktitle={International Conference on Social Informatics},
	pages={400--420},
	year={2016},
}

@inproceedings{fang2010privacy,
	title={Privacy wizards for social networking sites},
	author={Fang, Lujun and LeFevre, Kristen},
	booktitle={Proceedings of the 19th international conference on World wide web},
	pages={351--360},
	year={2010},
}

@inproceedings{gisch2007privacy,
	title={The privacy badge: a privacy-awareness user interface for small devices},
	author={Gisch, Martin and De Luca, Alexander and Blanchebarbe, Markus},
	booktitle={Proceedings of the 4th international conference on mobile technology, applications, and systems and the 1st international symposium on Computer human interaction in mobile technology},
	pages={583--586},
	year={2007},
}

@inproceedings{gross2005inf,
	title={Information revelation and privacy in online social networks},
	author={Gross, Ralph and Acquisti, Alessandro},
	booktitle={Proceedings of the 2005 ACM workshop on Privacy in the electronic society},
	pages={71--80},
	year={2005},
}

@article{gubbi2013internet,
	title={Internet of Things (IoT): A vision, architectural elements, and future directions},
	author={Gubbi, Jayavardhana and Buyya, Rajkumar and Marusic, Slaven and Palaniswami, Marimuthu},
	journal={Future generation computer systems},
	volume={29},
	number={7},
	pages={1645--1660},
	year={2013},
	publisher={Elsevier}
}

@article{hall2009weka,
	title={The WEKA data mining software: an update},
	author={Hall, Mark and Frank, Eibe and Holmes, Geoffrey and Pfahringer, Bernhard and Reutemann, Peter and Witten, Ian H},
	journal={ACM SIGKDD explorations newsletter},
	volume={11},
	number={1},
	pages={10--18},
	year={2009},
}



@inproceedings{lederer2003wants,
	title={Who wants to know what when? privacy preference determinants in ubiquitous computing},
	author={Lederer, Scott and Mankoff, Jennifer and Dey, Anind K},
	booktitle={CHI'03 extended abstracts on Human factors in computing systems},
	pages={724--725},
	year={2003},
}

@article{knijnenburg2013dimensionality,
	title={Dimensionality of information disclosure behavior},
	author={Knijnenburg, Bart P and Kobsa, Alfred and Jin, Hongxia},
	journal={International Journal of Human-Computer Studies},
	volume={71},
	number={12},
	pages={1144--1162},
	year={2013},
	publisher={Elsevier}
}

@article{lee2016understanding,
	title={Understanding User Privacy in Internet of Things Environments},
	author={Lee, Hosub and Kobsa, Alfred},
	journal={2016 IEEE 3rd World Forum on Internet of Things (WF-IoT)},
	year={2016},
	pages={407--412}
}

@article{li2017cross,
	title={Cross-Cultural Privacy Prediction},
	author={Li, Yao and Kobsa, Alfred and Knijnenburg, Bart P and Nguyen, MH Carolyn},
	journal={Proceedings on Privacy Enhancing Technologies},
	volume={2},
	pages={93--112},
	year={2017}
}

@inproceedings{madejski2012study,
	title={A study of privacy settings errors in an online social network},
	author={Madejski, Michelle and Johnson, Maritza and Bellovin, Steven M},
	booktitle={IEEE International Conference on Pervasive Computing and Communications Workshops},
	pages={340--345},
	year={2012},
}

@inproceedings{olson2005study,
	title={A study of preferences for sharing and privacy},
	author={Olson, Judith S and Grudin, Jonathan and Horvitz, Eric},
	booktitle={CHI'05 extended abstracts on Human factors in computing systems},
	pages={1985--1988},
	year={2005},
}

@article{pallapa2014adaptive,
	title={Adaptive and context-aware privacy preservation exploiting user interactions in smart environments},
	author={Pallapa, Gautham and Das, Sajal K and Di Francesco, Mario and Aura, Tuomas},
	journal={Pervasive and Mobile Computing},
	volume={12},
	pages={232--243},
	year={2014},
	publisher={Elsevier}
}

@inproceedings{ravichandran2009capturing,
	title={Capturing social networking privacy preferences},
	author={Ravichandran, Ramprasad and Benisch, Michael and Kelley, Patrick Gage and Sadeh, Norman M},
	booktitle = {Proceedings of the 2009 {Symposium} on {Usable} {Privacy} and {Security}},
	pages={1--18},
	year={2009}
}

@article{sadeh2009understanding,
	title={Understanding and capturing peopleâs privacy policies in a mobile social networking application},
	author={Sadeh, Norman and Hong, Jason and Cranor, Lorrie and Fette, Ian and Kelley, Patrick and Prabaker, Madhu and Rao, Jinghai},
	journal={Personal and Ubiquitous Computing},
	volume={13},
	number={6},
	pages={401--412},
	year={2009},
	publisher={Springer}
}

@article{kirsh2013embodied,
	title={Embodied cognition and the magical future of interaction design},
	author={Kirsh, David},
	journal={ACM Transactions on Computer-Human Interaction (TOCHI)},
	volume={20},
	number={1},
	pages={3},
	year={2013},
}


@inproceedings{williams2016perfect,
	title={The perfect storm: The privacy paradox and the Internet-of-Things},
	author={Williams, Meredydd and Nurse, Jason RC and Creese, Sadie},
	booktitle={11th International Conference on Availability, Reliability and Security},
	pages={644--652},
	year={2016},
}

@article{wisniewski2017making,
	title={Making privacy personal: Profiling social network users to inform privacy education and nudging},
	author={Wisniewski, Pamela J and Knijnenburg, Bart P and Lipford, Heather Richter},
	journal={International Journal of Human-Computer Studies},
	volume={98},
	pages={95--108},
	year={2017},
	publisher={Elsevier}
}

@article{vineela2016novel,
	title={A NOVEL APPROACH FOR SHARING IMAGES ON ONLINE SOCIAL NETWORKING SITES USING ADAPTIVE PRIVACY PREDICTION POLICY},
	author={VINEELA, R and RAJU, D BASAVA},
	journal={International Journal of Research},
	volume={3},
	number={11},
	pages={472--475},
	year={2016}
}


@article{ajzen1977attitude,
	title={Attitude-behavior relations: A theoretical analysis and review of empirical research.},
	author={Ajzen, Icek and Fishbein, Martin},
	journal={Psychological bulletin},
	volume={84},
	number={5},
	year={1977},
	publisher={American Psychological Association}
}


@article{baron1986moderator,
	title={The moderator--mediator variable distinction in social psychological research: Conceptual, strategic, and statistical considerations.},
	author={Baron, Reuben M and Kenny, David A},
	journal={Journal of personality and social psychology},
	volume={51},
	number={6},
	pages={1173--1182},
	year={1986},
	publisher={American Psychological Association}
}


@inproceedings {197908,
	author = {Frederic Raber and Alexander De Luca and Moritz Graus},
	title = {Privacy Wedges: Area-Based Audience Selection for Social Network Posts},
	booktitle = {Proceedings of the 2016 {Symposium} on {Usable} {Privacy} and {Security}},
	year = {2016},
	url = {https://www.usenix.org/conference/soups2016/workshop-program/wpi/presentation/raber},
}
